<record xmlns="http://www.loc.gov/MARC21/slim" xmlns:xsi="http://www.w3.org/2001/XMLSchema-instance" xsi:schemaLocation="http://www.loc.gov/MARC21/slim http://www.loc.gov/standards/marcxml/schema/MARC21slim.xsd"><leader>     nam a22        4500</leader><controlfield tag="001">001280020</controlfield><controlfield tag="003">NNU</controlfield><controlfield tag="006">m        d        </controlfield><controlfield tag="007">cr cn |||m|||a</controlfield><controlfield tag="008">150313r19541957ua      o     001 0 ara d</controlfield><datafield ind1=" " ind2=" " tag="040"><subfield code="a">NNU</subfield><subfield code="b">eng</subfield><subfield code="c">NNU</subfield></datafield><datafield ind1=" " ind2=" " tag="066"><subfield code="c">(3</subfield></datafield><datafield ind1=" " ind2=" " tag="090"><subfield code="a">BP130.4</subfield><subfield code="b">.T3 1954</subfield></datafield><datafield ind1="0" ind2=" " tag="100"><subfield code="6">880-01</subfield><subfield code="a">&#7788;abar&#299;,</subfield><subfield code="d">838?-923</subfield></datafield><datafield ind1="1" ind2="0" tag="245"><subfield code="6">880-02</subfield><subfield code="a">J&#257;mi&#699; al-bay&#257;n &#699;an ta&#700;w&#299;l &#257;y al-Qur&#700;&#257;n</subfield><subfield code="h">[electronic resource] /</subfield><subfield code="c">ta&#700;l&#299;f Ab&#299; Ja&#699;far Mu&#7717;ammad ibn Jar&#299;r al-&#7788;abar&#299;.</subfield></datafield><datafield ind1=" " ind2=" " tag="250"><subfield code="6">880-03</subfield><subfield code="a">al-&#7788;ab&#699;ah 2.</subfield></datafield><datafield ind1=" " ind2=" " tag="260"><subfield code="6">880-04</subfield><subfield code="a">Mi&#7779;r :</subfield><subfield code="b">Mu&#7779;&#7789;af&#225; al-B&#257;b&#299; al-&#7716;alab&#299;,</subfield><subfield code="c">1954-1957.</subfield></datafield><datafield ind1=" " ind2=" " tag="300"><subfield code="a">online resource (30 v. in 12)</subfield></datafield><datafield ind1=" " ind2=" " tag="500"><subfield code="a">Known also under title: Tafs&#299;r al-&#7788;abar&#299;.</subfield></datafield><datafield ind1=" " ind2=" " tag="500"><subfield code="a">Part of the Arabic Collections Online (ACO) project, contributed by New York Univeristy Libraries.</subfield></datafield><datafield ind1=" " ind2=" " tag="504"><subfield code="a">Includes indexes.</subfield></datafield><datafield ind1=" " ind2=" " tag="533"><subfield code="a">Electronic reproduction.</subfield><subfield code="b">New York, N.Y. :</subfield><subfield code="c">New York University,</subfield><subfield code="d">2015.</subfield><subfield code="5">NNU</subfield></datafield><datafield ind1="0" ind2="0" tag="630"><subfield code="a">Koran</subfield><subfield code="v">Commentaries.</subfield></datafield><datafield ind1="2" ind2=" " tag="710"><subfield code="a">New York University.</subfield><subfield code="b">Libraries.</subfield></datafield><datafield ind1="0" ind2=" " tag="730"><subfield code="a">Arabic Collections Online.</subfield></datafield><datafield ind1="0" ind2=" " tag="740"><subfield code="6">880-05</subfield><subfield code="a">Tafs&#299;r al-&#7788;abar&#299;.</subfield></datafield><datafield ind1="0" ind2="8" tag="776"><subfield code="i">Print version:</subfield><subfield code="a">&#7788;abar&#299;, 838?-923 880-01</subfield><subfield code="t">J&#257;mi&#699; al-bay&#257;n &#699;an ta&#700;w&#299;l &#257;y al-Qur&#700;&#257;n</subfield><subfield code="w">(NNU)001280020</subfield><subfield code="w">(DLC)75963503 /NE</subfield></datafield><datafield ind1="4" ind2="0" tag="856"><subfield code="u">http://hdl.handle.net/2333.1/47d7wpc3</subfield></datafield><datafield ind1="0" ind2=" " tag="880"><subfield code="6">100-01/</subfield><subfield code="a">&#1591;&#1576;&#1585;&#1609;.</subfield></datafield><datafield ind1="1" ind2="0" tag="880"><subfield code="6">245-02/</subfield><subfield code="a">&#1580;&#1575;&#1605;&#1593; &#1575;&#1604;&#1576;&#1610;&#1575;&#1606; &#1593;&#1606; &#1578;&#1571;&#1608;&#1610;&#1604; &#1570;&#1609; &#1575;&#1604;&#1602;&#1585;&#1570;&#1606; /</subfield><subfield code="c">&#1578;&#1571;&#1604;&#1610;&#1601; &#1571;&#1576;&#1609; &#1580;&#1593;&#1601;&#1585; &#1605;&#1581;&#1605;&#1583; &#1576;&#1606; &#1580;&#1585;&#1610;&#1585; &#1575;&#1604;&#1591;&#1576;&#1585;&#1609;.</subfield></datafield><datafield ind1=" " ind2=" " tag="880"><subfield code="6">250-03/</subfield><subfield code="a">&#1575;&#1604;&#1591;&#1576;&#1593;&#1577; &#1634;.</subfield></datafield><datafield ind1=" " ind2=" " tag="880"><subfield code="6">260-04/</subfield><subfield code="a">&#1605;&#1589;&#1585; :</subfield><subfield code="b">&#1605;&#1589;&#1591;&#1601;&#1609; &#1575;&#1604;&#1576;&#1575;&#1576;&#1609; &#1575;&#1604;&#1581;&#1604;&#1576;&#1609;&#1548;</subfield><subfield code="c">&#1633;&#1641;&#1637;&#1636;-&#1633;&#1641;&#1637;&#1639;.</subfield></datafield><datafield ind1="0" ind2=" " tag="880"><subfield code="6">740-05/</subfield><subfield code="a">&#1578;&#1601;&#1587;&#1610;&#1585; &#1575;&#1604;&#1591;&#1576;&#1585;&#1609;.</subfield></datafield><datafield ind1=" " ind2=" " tag="959"><subfield code="a">NNU</subfield><subfield code="b">WEB</subfield><subfield code="c">GENI</subfield><subfield code="t">0</subfield><subfield code="m">Electronic access</subfield><subfield code="s">01</subfield></datafield><datafield ind1=" " ind2=" " tag="999"><subfield code="i">NNU_001280020</subfield><subfield code="s">nyu_aco000461:v.1</subfield><subfield code="s">nyu_aco000462:v.2</subfield><subfield code="s">nyu_aco000463:v.3-4</subfield><subfield code="s">nyu_aco000464:v.5-6</subfield><subfield code="s">nyu_aco000465:v.7-8</subfield><subfield code="s">nyu_aco000466:v.9-11</subfield><subfield code="s">nyu_aco000467:v.12-14</subfield><subfield code="s">nyu_aco000468:v.15-17</subfield><subfield code="s">nyu_aco000469:v.18-21</subfield><subfield code="s">nyu_aco000470:v.22-25</subfield><subfield code="s">nyu_aco000471:v.26-28</subfield><subfield code="s">nyu_aco000472:v.29-30</subfield></datafield></record>